@article{tf:main:2009,
  title={Finally tagless, partially evaluated: Tagless staged interpreters for simpler typed languages},
  author={Carette, J. and Kiselyov, O. and Shan, C.},
  journal={Journal of Functional Programming},
  volume={19},
  number={05},
  pages={509--543},
  year={2009},
  url={https://okmij.org/ftp/tagless-final/JFP.pdf},
  publisher={Cambridge University Press}
}

@article{tf:lecture:2012,
  author={Kiselyov, Oleg},
  title={Typed Tagless Final Interpreters},
  journal={Generic and Indexed Programming: International Spring School, SSGIP 2010, Oxford, UK, March 22-26, 2010, Revised Lectures},
  year={2012},
  publisher={Springer Berlin Heidelberg},
  pages={130--174},
  isbn={978-3-642-32202-0},
  doi={10.1007/978-3-642-32202-0_3},
  url={https://doi.org/10.1007/978-3-642-32202-0_3}
}

@article{data:abstraction:1978,
  author="Reynolds, John C.",
  editor="Gries, David",
  title="User-Defined Types and Procedural Data Structures as Complementary Approaches to Data Abstraction",
  journal="Programming Methodology: A Collection of Articles by Members of IFIP WG2.3",
  year="1978",
  publisher="Springer New York",
  address="New York, NY",
  pages="309--317",
  isbn="978-1-4612-6315-9",
  doi="10.1007/978-1-4612-6315-9_22",
  url="https://doi.org/10.1007/978-1-4612-6315-9_22"
}

@misc{cardano:ledger-spec:shelley:2019,
  title={A Formal Specification of the Cardano Ledger, {``Shelley Ledger Spec SL-D5 v.1.0''}},
  author={Jared Corduan and Polina Vinogradova and Matthias GÃ¼demann},
  year={2019},
  howpublished={\url{https://hydra.iohk.io/build/18363060/download/1/ledger-spec.pdf}, \url{https://archive.ph/zx8CU}}
}

@misc{repo:iohk:cardano-ledger,
  title={{\smaller\texttt{cardano-ledger}} code repository},
  author={{IOHK}},
  howpublished={\url{https://github.com/input-output-hk/cardano-ledger}},
  year={2022}
}

@misc{wiki:denotational-semantics,
  title={Denotational Semantics},
  author={{Wikipedia}},
  year={2022},
  publisher={Wikimedia Foundation},
  howpublished={\url{https://en.wikipedia.org/wiki/Denotational_semantics}}
}

@article{eff:OCaml:2018,
	doi = {10.4204/eptcs.285.2}, 
	url = {https://doi.org/10.4204%2Feptcs.285.2},
	year = 2018,
	month = {Dec},
	publisher = {Open Publishing Association},
	volume = {285},
	pages = {23--58},
	author = {Oleg Kiselyov and KC Sivaramakrishnan},
	title = {Eff Directly in {OCaml}},
	journal = {Electronic Proceedings in Theoretical Computer Science}
}

@misc{knuth:turing:lecture,
author = {Knuth, Donald E.},
title = {Computer Programming as an Art},
year = {1974},
publisher = {Association for Computing Machinery},
address = {New York, NY, USA},
howpublished = {\url{https://doi.org/10.1145/1283920.1283929}},
}

@misc{site:iohk,
title = {Web site},
author={{IOHK}},
year={2022},
howpublished = {\url{https://iohk.io}},
}

@misc{repo:code,
title = {``{Denotational Semantics for the masses}'' code repository},
author={Creative Engineering, {IOHK}},
year={2022},
howpublished = {\url{https://github.com/input-output-hk/ce-semantics-dsl}},
}

@misc{site:plutusfest,
title = {{Launching Plutus and Marlowe at the inaugural Plutusfest, Edinbrough}},
author={{IOHK}},
year={2018},
howpublished = {\url{https://archive.ph/xaFXI}},
}

@misc{site:proofs-as-programs,
title = {{Proofs as programs}},
author={{ncatlab.org}},
year={2019},
howpublished = {\url{https://ncatlab.org/nlab/show/proofs+as+programs}},
}